
@inproceedings{evaluationmaya,
  doi = {10.1109/iiai-aai.2018.00178},
  url = {https://doi.org/10.1109/iiai-aai.2018.00178},
  year = {2018},
  month = jul,
  publisher = {{IEEE}},
  author = {Yusuke Sakai and Satoshi Cho and Hisashi Sato},
  title = {Development and Evaluation of an Exaggerated Expression Animation Support System Using Maya}
}

@misc{educba2021,
  title={Maya vs Blender - 8 Amazing Differences You Should Know}, 
  url={https://www.educba.com/maya-vs-blender/},
  journal={EDUCBA},
  year={2021},
  month={May}
}

@article{labschutz2011content,
  title={Content creation for a 3D game with Maya and Unity 3D},
  author={Labsch{\"u}tz, Matthias and Kr{\"o}sl, Katharina and Aquino, Mariebeth and Grash{\"a}ftl, Florian and Kohl, Stephanie},
  journal={Institute of Computer Graphics and Algorithms, Vienna University of Technology},
  volume={6},
  pages={124},
  year={2011}
}

@inproceedings{studies,
  doi = {10.1109/icenco.2018.8636127},
  url = {https://doi.org/10.1109/icenco.2018.8636127},
  year = {2018},
  month = dec,
  publisher = {{IEEE}},
  author = {Oussama Tahan and Farah Barake},
  title = {A Gaming Environment to Train Teachers Diagnose Children Learning Disabilities}
}

@misc{educbaa2021,
  title={what is Maya?: Key Concept: Skills and Scope: Career And Advantage}, 
  url={https://www.educba.com/what-is-maya/},
  journal={EDUCBA},
  year={2021},
  month={June}
}